<?xml version="1.0" encoding="UTF-8"?><record xmlns="http://www.loc.gov/MARC21/slim" xmlns:cinclude="http://apache.org/cocoon/include/1.0" xmlns:zs="http://www.loc.gov/zing/srw/">
  <leader>00586cz  a2200133n  4500</leader>
  <controlfield tag="001">n  79034638 </controlfield>
  <controlfield tag="003">DLC</controlfield>
  <controlfield tag="005">20120731080415.0</controlfield>
  <controlfield tag="008">790411n| aaannaab           |n aaa      </controlfield>
  <datafield tag="010" ind1=" " ind2=" ">
    <subfield code="a">n  79034638 </subfield>
  </datafield>
  <datafield tag="040" ind1=" " ind2=" ">
    <subfield code="a">DLC</subfield>
    <subfield code="b">eng</subfield>
    <subfield code="c">DLC</subfield>
    <subfield code="d">DLC</subfield>
  </datafield>
  <datafield tag="100" ind1="1" ind2=" ">
    <subfield code="a">Cheah, Winnie C.</subfield>
  </datafield>
  <datafield tag="667" ind1=" " ind2=" ">
    <subfield code="a">THIS 1XX FIELD CANNOT BE USED UNDER RDA UNTIL THIS RECORD HAS BEEN REVIEWED AND/OR UPDATED</subfield>
  </datafield>
  <datafield tag="670" ind1=" " ind2=" ">
    <subfield code="a">Inst. Peny. Perubatan. 75 years of medical research in Malaysia, 1901-1976, 1976 (a.e.)</subfield>
    <subfield code="b">verso of t.p. (Winnie C. Cheah) p. v (Winnie Cecilia Cheah, M.Sc., DAP &amp; E, filariasis res. officer, Filariasis Res. Div., IMR)</subfield>
  </datafield>
</record>